<?xml version="1.0" encoding="UTF-8"?><collection xmlns="http://www.loc.gov/MARC21/slim"><record><leader>00508nam--2200193-u-4500</leader><controlfield tag="001">000053383</controlfield><controlfield tag="002">20161230</controlfield><controlfield tag="005">20161230201051</controlfield><controlfield tag="008">110323s1000------------r-----000-0-rum-d</controlfield><datafield ind1=" " ind2=" " tag="020"><subfield code="a">9737965582</subfield></datafield><datafield ind1=" " ind2=" " tag="040"><subfield code="a">IFIN-HH</subfield></datafield><datafield ind1=" " ind2=" " tag="041"><subfield code="a">rum</subfield></datafield><datafield ind1=" " ind2=" " tag="080"><subfield code="a">530.145-65</subfield></datafield><datafield ind1="1" ind2=" " tag="100"><subfield code="a">Simaciu, Ion</subfield></datafield><datafield ind1="1" ind2="0" tag="245"><subfield code="a">Modele ondulatorii si corpusculare ale materiei</subfield><subfield code="c">Ion simaciu</subfield></datafield><datafield ind1=" " ind2=" " tag="260"><subfield code="a">Ploiesti</subfield><subfield code="b">Editura Universitatii Din Ploiesti</subfield><subfield code="c">2004</subfield></datafield><datafield ind1=" " ind2=" " tag="300"><subfield code="a">262P</subfield></datafield><datafield ind1=" " ind2=" " tag="852"><subfield code="a">81576</subfield><subfield code="c">530.1</subfield></datafield><datafield ind1=" " ind2=" " tag="CAT"><subfield code="a">Sys</subfield><subfield code="c">20110323</subfield><subfield code="h">131027</subfield></datafield></record></collection>